@Misc{xtextdoc,
key =  {1},
title = {Xtext Documentation},
author ={{The Eclipse Foundation}},
month = {September},
year = {2014}
}



@Book{voelter,
title = {DSL Engineering},
subtitle={Designing, Implementing and Using Domain-Specific Languages}, 
publisher = {CreateSpace Independent Publishing Platform},
author = {Markus Völter and Sebastian Benz and Lennart Kats and Mats Helander and Eelco Visser and Guido Wachsmuth},
year = {2013}
}

@Misc{usability,
key =  {2},
title = {3 Gründe, warum gute Usability wichtig ist},
author = {{Userlutions GmbH}},
howpublished = {URL: http://rapidusertests.com/blog/2012/04/3-gute-grunde-fuer-usability-tests/},
month = {April},
year = {2012},
note={Zuletzt eingesehen am 20.12.2014},
}


@Misc{gui,
title = {GUI (graphical user interface)},
author = {{DATACOM Buchverlag GmbH}},
howpublished = {URL: www.itwissen.info/definition/lexikon/graphical-user-interface-GUI-Grafische-Benutzeroberflaeche.html},
note={Zuletzt eingesehen am 29.01.2015},
}



@Misc{jwammc,
  key = 	 {3},
  author = 	 {Dirk Stechow},
  title = 	 {JWAMMC - Das Multichannel-Framework der data-experts gmbh},
  howpublished = {Vortrag in der data experts GmbH},
  month = 	 {Dezember},
  year = 	 {2007},
}


@book{dirnbauer2000usability,
  title={Usability},
  author={Dirnbauer, Kurt},
  isbn={9783898119283},
  year={2000},
  publisher={Libri Books on Demand}
}



@Misc{europa,
  key = 	 {4},
  author = 	 {{Generaldirektion Landwirtschaft und ländliche Entwicklung}},
  title = 	 {Das Integrierte Verwaltungs- und Kontrollsystem (InVeKoS)},
  howpublished = {URL: http://ec.europa.eu/agriculture/direct-support/iacs/index\_de.htm},
  month = 	 {November},
  year = 	 {2014},
  note = 	 {Zuletzt eingesehen am 20.12.2014}
  }
  
  
@Misc{pcswikifoerd,
  key = 	 {5},
  author = 	 {{data experts GmbH}},
  title = 	 {Förderantrag},
  howpublished = {Profil Wiki der data experts GmbH},
  month = 	 {März},
  year = 	 {2014},
  note = 	 {Zuletzt eingesehen am 20.12.2014}
  }
  
  
@Misc{DegDKElerIAntragsmappe,
  key = 	 {6},
  author = 	 {{data experts GmbH}},
  title = 	 {Detailkonzept ELER/i-Antragsmappe},
  month = 	 {Januar},
  year = 	 {2007},
  note = 	 {Zuletzt eingesehen am 20.12.2014}
}

@Misc{DKAum,
  author = 	 {{data experts GmbH}},
  title = 	 {Detailkonzept AUM-Anträge},
  month = 	 {Februar},
  year = 	 {2004},
  note = 	 {Zuletzt eingesehen am 11.02.2015}
}



@Misc{swing,
  key = 	 {7},
  author = 	 {Oracle},
  title = 	 {Swing},
  howpublished = {URL: http://docs.oracle.com/javase/8/docs/\\technotes/guides/swing/},
  note = 	 {Zuletzt eingesehen am 20.12.2014}
}

@Misc{wings,
  key = 	 {8},
  author = 	 {Benjamin Schmid},
  title = 	 {Get your wingS back!},
  howpublished = {URL: http://jaxenter.de/artikel/Get-your-wingS-back},
  month = 	 {Dezember},
  year = 	 {2007},
  note = 	 {Zuletzt eingesehen am 20.12.2014}
}

@Misc{gridbag,
  key = 	 {9},
  author = 	 {Oracle},
  title = 	 {Class GridBagLayout},
  howpublished = {URL: https://docs.oracle.com/javase/7/docs/api/java/awt/\\GridBagLayout.html},
  note = 	 {Zuletzt eingesehen am 20.12.2014}
}

@Manual{10,
  title = 	 {A Semantic Model for Graphical User Interfaces},
  author = 	 {{Neelakantan R.} Krishnaswami and Nick Benton},
  organization = {Microsoft Research},
  month = 	 {September},
  year = 	 {2011}
}


@inproceedings{1,
  title={Model Driven Development of Complex User Interface},
  author={Xudong Lu and Jiancheng Wan},
  booktitle={MoDELS'07 Workshop on Model Driven Development of Advanced User Interfaces},
  year={2007},
  organization={Shandong University}
}

@TechReport{20,
  author = 	 {Brad Myers and {Scott E.} Hudson and Randy Pausch},
  title = 	 {Past, Present and Future of
User Interface Software Tools},
  institution = 	 {Carnegie Mellon University},
  year = 	 {1999},
  month = 	 {September}
}

@Book{hedtstueck,
  author = 	 {Ulrich Hedtstueck},
  title = 	 {Einführung in die Theoretische Informatik},
  publisher = 	 {Oldenbourg Verlag},
  year = 	 {2012},
  volume = 	 {5. Auflage},
}


@book{alfred,
  title={Compiler: Prinzipien, Techniken und Werkzeuge},
  author={{Alfred V.} Aho},
  isbn={9783827370976},
  series={Pearson Studium Informatik},
  year={2008},
  publisher={Pearson Education Deutschland}
}



@Book{fowler,
  author = 	 {Martin Fowler and Rebecca Parson },
  title = 	 {Domain-Specific Languages},
  publisher = 	 {Addison-Wesley},
  year = 	 {2011}
}


@Book{ghosh,
  author = 	 {Debasish Ghosh},
  editor = 	 {JONAS BONÉR},
  title = 	 {DSLs in Action},
  publisher = 	 {Manning Publications Co.},
  year = 	 {2011}
}

@Misc{gundermann5,
  author = 	 {Niels Gundermann},
  title = 	 {Entwicklung einer Grammatik für eine DSL mit xText am Beispiel einer Sprache zur  Definition von Pflichtprüfungen in profil c/s},
  note = {Praxisbericht},
  year = 	 {2014}
}

@Misc{gundermann4,
  author = 	 {Niels Gundermann},
  title = 	 {Prototypische Implementierung eines JavaFX/Web-Channels zur Integration ins Multichannel-Framework der deg},
  note = {Praxisbericht},
  year = 	 {2014}
}

@Misc{gundermann3,
  author = 	 {Niels Gundermann},
  title = 	 {Prototypische Implementierung eines JavaFX-Channels zur Integration ins MulitChannel-Framework der deg},
  note = {Praxisbericht},
  year = 	 {2013}
}

@Manual{3,
  author = 	 {Noi Sukaviriya and Santhosh Kumaran and Prabir Nandi and Terry Heath},
  title = 	 {Integrate Model-driven UI with Business Transformations: Shifting Focus of Model-driven UI},
  organization = 	 {IBM T.J. Watson Research Center},
   year = 	 {2005},
  month = 	 {Oktober},
}


@incollection{mdsd,
year={2014},
isbn={978-3-642-55048-5},
booktitle={Mashups},
series={Data-Centric Systems and Applications},
doi={10.1007/978-3-642-55049-2_4},
title={Model-Driven Software Development},
url={http://dx.doi.org/10.1007/978-3-642-55049-2_4},
publisher={Springer Berlin Heidelberg},
author={Daniel, Florian and Matera, Maristella},
pages={71-93},
language={English}
}

@Book{softarch,
  author = 	 {Oliver Vogel and Ingo Arnold and Arif Chughtai and Edmund Ihler and Timo Kehrer and Uwe Mehlig and Uwe Zdun},
  title = 	 {Software-Architektur},
  publisher = 	 {Springer Science & Business Media (Berlin Heidelberg)},
  year = 	 {2008},
  OPTnumber = 	 {2}
}


@Book{mdsdvoelter,
  author = 	 {Thomas Stahl and Markus Völter},
  title = 	 {Model-Driven Software Development},
  publisher = 	 {John Wiley \& Sons Ltd},
  year = 	 {2006},
  month = 	 {Februar},
}

@BOOK{Roam2009,
	AUTHOR = {Roam, Dan},
	YEAR = {2009},
	TITLE = {The Back of the Napkin (Expanded Edition) - Solving Problems and Selling Ideas with Pictures},
	EDITION = {Expanded},
	ISBN = {978-1-101-56591-9},
	PUBLISHER = {Penguin},
	ADDRESS = {New York},
}

@BOOK{Galitz2007,
	AUTHOR = {Galitz, Wilbert O.},
	YEAR = {2007},
	TITLE = {The Essential Guide to User Interface Design - An Introduction to GUI Design Principles and Techniques},
	ISBN = {978-0-470-14622-4},
	PUBLISHER = {John Wiley & Sons},
	ADDRESS = {New York}
}

@book{brauer2010dsl,
  title={Eine DSL f{\"u}r Harel-Statecharts mit PetitParser},
  author={Brauer, Johannes and Crasemann, Christoph and Krasemann, Hartmut},
  series={Arbeitspapiere der Nordakademie},
  year={2010},
  publisher={Nordakademie}
}

@book{brauer2012sstdsl,
  title={SStDSL, eine DSL f{\"u}r Schnittstellen mit PetitParser},
  author={Brauer, Johannes and Crasemann, Christoph and Krasemann, Hartmut},
  series={Arbeitspapiere der Nordakademie},
  url={https://www.nordakademie.de/fileadmin/downloads/Arbeitspapiere/AP_2012_04.pdf},
  year={2012},
  publisher={Nordakad.}
}

@article{journals/insk/BrauerCK08,
  added-at = {2008-11-25T00:00:00.000+0100},
  author = {Brauer, Johannes and Crasemann, Christoph and Krasemann, Hartmut},
  biburl = {http://www.bibsonomy.org/bibtex/241effdaf88b4ef2cf91c2a28b5d25a9f/dblp},
  date = {2008-11-25},
  description = {dblp},
  ee = {http://dx.doi.org/10.1007/s00287-007-0211-3},
  interhash = {6cf381e5413c7f93ff951800418fa68b},
  intrahash = {41effdaf88b4ef2cf91c2a28b5d25a9f},
  journal = {Informatik Spektrum},
  keywords = {dblp},
  number = 6,
  pages = {580-590},
  timestamp = {2008-11-25T00:00:00.000+0100},
  title = {Auf dem Weg zu idealen Programmierwerkzeugen - Bestandsaufnahme und Ausblick.},
  url = {http://dblp.uni-trier.de/db/journals/insk/insk31.html#BrauerCK08},
  volume = 31,
  year = 2008
}


@InProceedings{Renggli,
  author = 	 {Renggli, Lukas and Ducasse, Stephane and Gîbra, Tudor and Nierstrasz, Oscar},
  title = 	 {Practical Dynamic Grammars for Dynamic Languages},
  booktitle = {{4th Workshop on Dynamic Languages and Applications (DYLA 2010)}},
  year = 	 {2010}
}

@inproceedings{11,
  title={Defining Domain Language of Graphical User Interfaces},
  author={Bacikov{\'a}, Michaela and Porub{\"a}n, Jaroslav and Lakatos, Dominik},
  booktitle={OASIcs-OpenAccess Series in Informatics},
  volume={29},
  year={2013},
  organization={Schloss Dagstuhl-Leibniz-Zentrum fuer Informatik},
  
}

@article{brauer2003grundkurs,
  title={Grundkurs Smalltalk-Objektorientierung von Anfang an},
  author={Brauer, Johannes},
  journal={Vieweg+ Teubner Verlag},
  volume={3},
  year={2003},
  publisher={Springer}
}

@Article{carpediem,
author = {Markus Völter and Lars Corneliussen},
title = {Carpe Diem},
subtitle={DSL Entwicklung  mit Eclipse xText},
journal = {DotNetPro},
year = {2009},
month = {5}
}


@PhdThesis{SauerDiss,
  author = 	 {Joachim Sauer},
  title = 	 {Architekturzentrierte agile
	Anwendungsentwicklung in
	global verteilten Projekten},
  school = 	 {Universität Hamburg},
  year = 	 {2010}
}


@Unpublished{SauerVor,
  author = 	 {Sauer, Joachim },
  title = 	 {Vorlesung Softwaretechnik Teil 1 (4. Quartal 2013) Abschitt 2},
  note = 	 {Nordakademie},
  year = 	 {2013},
  annote = 	 {Vorlesungsunterlagen}
}

@mastersthesis{sauerDip,
  title={Gestaltung von Anwendungssoftware nach dem WAM-Ansatz auf mobilen Ger{\"a}ten},
  author={Sauer, Joachim},
  year={2003},
  school={Fachbereich Informatik, Universit{\"a}t Hamburg}
}

@mastersthesis{schmelzer,
  title={Realisierung teilautomatisierter Prozesse durch die Kombination von Ablaufsteuerung und unterst{\"u}tzter Kooperation},
  author={Schmelzer, Robert Franz},
  year={2005},
  school={FH Ober{\"o}sterreich}
}

@mastersthesis{hofer,
  title={Refactoring-Muster der WAM-Modellarchitektur},
  author={Hofer, Stefan Michael},
  year={2006},
  school={FH Ober{\"o}sterreich}
}

@inproceedings{pech,
  title={JetBrains MPS as a tool for extending Java},
  author={Pech, Vaclav and Shatalin, Alex and Völter, Markus},
  booktitle={Proceedings of the 2013 International Conference on Principles and Practices of Programming on the Java Platform: Virtual Machines, Languages, and Tools},
  pages={165--168},
  year={2013},
  organization={ACM}
}

@article{volter2011programming,
  title={From programming to modeling-and back again},
  author={Völter, Markus},
  journal={Software, IEEE},
  volume={28},
  number={6},
  pages={20--25},
  year={2011},
  publisher={IEEE}
}

@Misc{pechforum,
  author = 	 {Vaclav Pech},
  title = 	 {Can MPS be integrated in Eclipse as Eclipse Plugin similar to Xtext?},
  howpublished = {URL: http://forum.jetbrains.com/thread/Meta-Programming-System-1033},
  month = 	 {Oktober},
  year = 	 {2014},
  note = 	 {Zuletzt eingesehen am 12.01.2015}
}
