@conference{whiteoak,
	author = "Joseph Gil and Itay Maman", 
	booktitle = "OOPSLA'08", 
	year = "19-23.10.2008", 
	address = "Nashville, Tennessee, USA", 
	title = "Whiteoak: Introducing Structural Typing into 			Java"}
	
@conference{structjvm,
author = {Gilles Dubochet and Martin Oderski}, booktitle = {ICOOOLPS '09}, year = {2009}, address = {Genova, Italien}, title = {Compiling Structural Types on the JVM}}

@misc{modanwendungen, author = {Guido Oelmann}, year = {26.06.2018}, title = {Modulare Anwendungen mit Java: Tutorial mit Beispielen}, howpublished = "Webseite", note = {Online erhältlich unter \url{https://www.informatik-aktuell.de/entwicklung/programmiersprachen/modulare-anwendungen-mit-java.html} abgerufen am 12.04.2020}}

@conference{compoundtypes, author = {Martin Büchi and Wolfgang Weck}, booktitle = {OOPSLA '98 10/98}, year = {1998}, address = {Vancouver}, title = {Compound Types for Java}}

@book{types, author = {Benjamin C. Pierce}, year = {2002}, publisher = {The MIT Press}, title = {Types and Programming Languages}}

@techreport{structconfjava,
author = {Konstantin Läufer and Gerald Baumgartner and Vincent F. Russo},
year = {17.06.1998},
title = {Safe Structural Conformance for Java},
institution = {Computer and Information Science Department, Ohio State University}
}

@misc{proxy, year = {2017}, title = {Java™ Platform Standard Ed. 7 - Class Proxy}, howpublished = {Webseite}, note = {Online erhältlich unter \url{https://docs.oracle.com/javase/7/docs/api/java/lang/reflect/Proxy.html} abgerufen am 23.04.2020}}


@misc{cglib, year = {2003}, title = {cglib 2.0beta2 API - Class Enhancer}, howpublished = {Webseite}, note = {Online erhältlich unter \url{http://cglib.sourceforge.net/apidocs/index.html} abgerufen am 23.04.2020}}

@book{Bas13,author = {Len Bass and Paul Clements and Rick Kazman}, year = {2013}, publisher = {Addison-Wesley}, title = {Software Architecture in Practice 3. Edition}}

@book{Bus96,author = {Frank Buschmann and Regine Meunier and Hans Rohnert and Peter Sommerlad and Michael Stal}, year = {1996}, publisher = {John Wiley  Sons}, title = {Pattern orientated Software Architecture: A System of Patterns}}

@article{apiEvolve,
 author = {Ullmann, Julian R.},
 title = {How do APIs evolve? A story of refactoring},
 journal = {Journal of Software Maintance and Evolution: Research and Practise},
 issue_date = {2006},
 year = {2006},
 pages = {1-26},
 url = {http://dig.cs.illinois.edu/papers/JSME_API_Evolution.pdf},
 publisher = {Wiley},
 address = {Chichester, New York}
}

@book{gamma,
author ={Erich Gamma and Richard Helm and Ralph Johnson and John Vlissides},
title = {Design Patterns – Elements of Reusable Object-Oriented Software},
publisher = {Addison-Wesley},
year = {1995}
}