
@article{moormann,
author = {Zaremski, Amy Moormann and Wing, Jeannette M.},
title = {Signature Matching: A Tool for Using Software Libraries},
year = {1995},
issue_date = {April 1995},
publisher = {Association for Computing Machinery},
address = {New York, NY, USA},
volume = {4},
number = {2},
issn = {1049-331X},
url = {https://doi.org/10.1145/210134.210179},
doi = {10.1145/210134.210179},
journal = {ACM Trans. Softw. Eng. Methodol.},
month = apr,
pages = {146?170},
numpages = {25},
keywords = {signature matching, software retrieval}
}

@article{krueger,
author = {Krueger, Charles W.},
title = {Software Reuse},
year = {1992},
issue_date = {June 1992},
publisher = {Association for Computing Machinery},
address = {New York, NY, USA},
volume = {24},
number = {2},
issn = {0360-0300},
url = {https://doi.org/10.1145/130844.130856},
doi = {10.1145/130844.130856},
journal = {ACM Comput. Surv.},
month = jun,
pages = {131–183},
numpages = {53},
keywords = {cognitive distance, abstraction, software reuse}
}


@misc{it-admin,
author = "
IT Administrator",
title = {Verfügbarkeit},
  howpublished = "\url{https://www.it-administrator.de/lexikon/verfuegbarkeit.html}",
  year = {2021}, 
  note = "[Online; letzter Zugriff 22.09.2021]"
}


@misc{ejbspec,
author = "
Linda DeMichiel",
title = {EJB Core Contracts and Requirements},
  howpublished = "\url{https://download.oracle.com/otndocs/jcp/ejb-3_0-pr-spec-oth-JSpec/}",
  year = {2005}, 
  note = "[Online; letzter Zugriff 29.09.2021]"
}


@misc{conversions_and_promotions,
author = {
James Gosling and Bill Joy and Guy Steele and Gilad Bracha and Alex Buckley},
title = {The Java Language Specification},
  howpublished = "\url{https://docs.oracle.com/javase/specs/jls/se7/html/index.html}",
  year = {2013}, 
  note = "[Online; letzter Zugriff 14.09.2021]"
}


@misc{invocationhandler,
title = {Java Plattform - Interface InvocationHandler},
  howpublished = "\url{https://docs.oracle.com/javase/7/docs/api/java/lang/reflect/InvocationHandler.html}",
  year = {2020}, 
  note = "[Online; letzter Zugriff 27.08.2021]"
}
@misc{junit_api,
title = {JUnit 4.13.2 API},
  howpublished = "\url{https://junit.org/junit4/javadoc/latest/index.html}",
  year = {2021}, 
  note = "[Online; letzter Zugriff 01.07.2021]"
}



@misc{junit,
title = {JUnit 4},
  howpublished = "\url{https://junit.org/junit4/}",
  year = {2021}, 
  note = "[Online; letzter Zugriff 01.07.2021]"
}


@misc{easymock,
author = {Henri Tremblay},
title = {easymock-3.0},
  howpublished = "\url{https://github.com/easymock/easymock/releases/tag/easymock-3.0}",
  year = {2015}, 
  note = "[Online; letzter Zugriff 26.06.2021]"
}

@misc{cglib,
author = {Sam Berlin},
title = {cglib 3.3.0},
  howpublished = "\url{https://github.com/cglib/cglib/releases/tag/RELEASE_3_3_0}",
  year = {2019}, 
  note = "[Online; letzter Zugriff 26.06.2021]"
}

@misc{objenesis,
title = {Objenesis Release notes},
  howpublished = "\url{http://objenesis.org/notes.html}",
  year = {2021}, 
  note = "[Online; letzter Zugriff 26.06.2021]"
}


@inproceedings{sourcerer,
author = {Bajracharya, Sushil and Ngo, Trung and Linstead, Erik and Dou, Yimeng and Rigor, Paul and Baldi, Pierre and Lopes, Cristina},
title = {Sourcerer: A Search Engine for Open Source Code Supporting Structure-Based Search},
year = {2006},
isbn = {159593491X},
publisher = {Association for Computing Machinery},
address = {New York, NY, USA},
url = {https://doi.org/10.1145/1176617.1176671},
doi = {10.1145/1176617.1176671},
pages = {681-682},
numpages = {2},
keywords = {source code search, code rank},
location = {Portland, Oregon, USA},
series = {OOPSLA '06}
}


@inproceedings{Lemos,
author = {Lazzarini Lemos, Otavio Augusto and Bajracharya, Sushil Krishna and Ossher, Joel},
title = {CodeGenie: A Tool for Test-Driven Source Code Search},
year = {2007},
isbn = {9781595938657},
publisher = {Association for Computing Machinery},
address = {New York, NY, USA},
url = {https://doi.org/10.1145/1297846.1297944},
doi = {10.1145/1297846.1297944},
booktitle = {Companion to the 22nd ACM SIGPLAN Conference on Object-Oriented Programming Systems and Applications Companion},
pages = {917?918},
numpages = {2},
keywords = {test-driven development, source code reuse, test-first, source code search},
location = {Montreal, Quebec, Canada},
series = {OOPSLA '07}
}

@phdthesis{hummel08,
           month = {April},
           title = {Semantic Component Retrieval in Software Engineering},
            note = { },
            year = {2008},
        language = {Englisch},
       publisher = {Universität Mannheim},
          author = {Oliver Hummel},
        keywords = {testgetriebene Wiederverwendung},
             url = {https://madoc.bib.uni-mannheim.de/1883/}
}


